@inproceedings{agre1990routine,
  author    = {Agre, Philip and Shrager, Jeff},
  title     = {Routine evolution and the microgenetic basis of skill acquisition},
  booktitle = {Proceedings of the Annual Conference of the Cognitive Science Society},
  pages     = {694--701},
  publisher = {Lawrence Erlbaum Associates},
  year      = {1990}
} 

@incollection{collins1987construct,
  author    = {Collins, Allan and Gentner, Dedre},
  title     = {How people construct mental models},
  editor    = {Holland, Dorothy and Quinn, Naomi},
  booktitle = {Cultural Models in Language and Thought},
  pages     = {243--265},
  publisher = {Cambridge University Press},
  year      = {1987}
}

@book{durso2007handbook,
  editor    = {Durso, Francis T. and Nickerson, Raymond S. and Dumais, Susan T.},
  title     = {Handbook of Applied Cognition},
  edition   = {2},
  publisher = {Wiley},
  year      = {2007}
}

@article{Simon1956,
  author  = {Simon, Herbert A.},
  title   = {Rational Choice and the Structure of the Environment},
  journal = {Psychological Review},
  year    = {1956},
  volume  = {63},
  number  = {2},
  pages   = {129--138},
  doi     = {10.1037/h0042769}
}


@book{luhrmann1989_persuasion_witches_craft,
  author    = {Tanya M. Luhrmann},
  title     = {Persuasions of the Witches' Craft: Ritual Magic in Contemporary England},
  year      = {1989},
  publisher = {Harvard University Press},
  address   = {Cambridge, MA},
  isbn      = {978-0674663243}
}

@book{simon_newell1972_human_problem_solving,
  author    = {Allen Newell and Herbert A. Simon},
  title     = {Human Problem Solving},
  year      = {1972},
  publisher = {Prentice-Hall},
  address   = {Englewood Cliffs, NJ},
  isbn      = {978-0134454030},
  note      = {Reprinted by MIT Press, 1990}
}

@incollection{gentner2002mental,
  author    = {Gentner, Dedre},
  title     = {Mental models, Psychology of},
  editor    = {Smelser, Neil J. and Bates, Paul B.},
  booktitle = {International Encyclopedia of the Social and Behavioral Sciences},
  pages     = {9683--9687},
  publisher = {Elsevier Science},
  address   = {Amsterdam},
  year      = {2002}
}

@article{ericsson1998study,
  author    = {Ericsson, K. Anders and Simon, Herbert A.},
  title     = {How to study thinking in everyday life: Contrasting think-aloud protocols with descriptions and explanations of thinking},
  journal   = {Mind, Culture, and Activity},
  volume    = {5},
  number    = {3},
  pages     = {178--186},
  year      = {1998}
}

@book{klahr2000exploring,
  author    = {Klahr, David},
  title     = {Exploring Science: The Cognition and Development of Discovery Processes},
  publisher = {MIT Press},
  year      = {2000}
}

@article{klahr1988dual,
  author    = {Klahr, David and Dunbar, Kevin},
  title     = {Dual space search during scientific reasoning},
  journal   = {Cognitive Science},
  volume    = {12},
  number    = {1},
  pages     = {1--48},
  year      = {1988}
}

@book{newell1972human,
  author    = {Newell, Allen and Simon, Herbert A.},
  title     = {Human Problem Solving},
  publisher = {Prentice-Hall},
  year      = {1972}
}

@article{shrager1987theory,
  author    = {Shrager, Jeff},
  title     = {Theory change via view application in instructionless learning},
  journal   = {Machine Learning},
  volume    = {2},
  number    = {3},
  pages     = {247--276},
  year      = {1987}
}

@incollection{shrager1990commonsense,
  author    = {Shrager, Jeff},
  title     = {Commonsense perception and the psychology of theory formation},
  editor    = {Shrager, Jeff and Langley, Pat},
  booktitle = {Computational Models of Scientific Discovery and Theory Formation},
  pages     = {437--470},
  publisher = {Morgan Kaufmann},
  year      = {1990}
}

@article{shrager1986instructionless,
  author    = {Shrager, Jeff and Klahr, David},
  title     = {Instructionless learning about a complex device: The paradigm and observations},
  journal   = {International Journal of Man-Machine Studies},
  volume    = {25},
  number    = {2},
  pages     = {153--189},
  year      = {1986}
}
